@article{euler,
  author = {Euler, Leonhard},
  journal = {Commentarii Academiae Scientiarum Imperialis Petropolitanae},
  keywords = {euler-tour graph-theory graphs networks},
  pages = {128--140},
  timestamp = {2011-06-09T15:30:35.000+0200},
  title = "{Solutio problematis ad geometriam situs pertinentis}",
  volume = 8,
  year = 1736
}


@misc{mnist,
  title =        "{MNIST: Handwritten digits}",
  howpublished = {http://yann.lecun.com/exdb/mnist}
}

@misc{norb,
  title =        "{NORB: images}",
  howpublished = {http://www.cs.nyu.edu/\~{}ylclab/data/norb-v1.0}
}

@misc{nsm,
  title =        "{Govt to launch Rs 4,500-cr National Supercomputing Mission}",
  howpublished = {http://www.cdac.in/index.aspx?id=pk\_itn\_spot948}
}


@misc{nist,
  title =        "{NIST Special Database 19}",
  howpublished = {http://www.nist.gov/srd/nistsd19.cfm}
}

@misc{cifar-web,
  title =        "{CIFAR 10 and CIFAR 100 dataset}",
  howpublished = {http://www.cs.toronto.edu/~kriz/cifar.html}
}


@misc{snap,
  title =        "{Stanford Large Network Dataset Collection}",
  howpublished = {https://snap.stanford.edu/data/}
}

@misc{stinger,
  title =        "{STINGER}",
  howpublished = {http://www.stingergraph.com/}
}

@misc{ufl,
  title =        "{The University of Florida Sparse Matrix Collection}",
  howpublished = {http://www.cise.ufl.edu/research/sparse/matrices/}
}



@misc{caltech101,
title =        "{CALTECH 101}",
howpublished = {http://www.vision.caltech.edu/Image\_Datasets/Caltech101/}
}


@misc{aurora,
  title =        "{AURORA-2}",
  howpublished = {http://aurora.hsnr.de/aurora-2.html}
}

@misc{timit,
  title =        "{TIMIT Acoustic-Phonetic Continuous Speech Corpus}",
  howpublished = {https://catalog.ldc.upenn.edu/LDC93S1}
}

@misc{gigaom,
  author = {Derrick Harris},
  title = {{Applications are driving investment in deep learning startups}},
  howpublished = "\url{https://gigaom.com/2014/11/03/applications-are-driving-investment-in-deep-learning-startups/}",
  year = {2014}, 
}

@article{chang07,
  title="{PSVM: Parallelizing support vector machines on distributed computers}",
  author={Chang, Edward Y and Zhu, Kaihua and Wang, Hao and Bai, Hongjie and Li, Jian and Qiu, Zhihuan and Cui, Hang},
  journal={Advances in Neural Information Processing Systems (NIPS)},
  volume={20},
  pages={16},
  year={2007}
}

@INPROCEEDINGS{Zechner09, 
author={Zechner, M. and Granitzer, M.}, 
booktitle={Intensive Applications and Services, 2009. INTENSIVE '09. First International Conference on}, 
title="{Accelerating K-Means on the Graphics Processor via CUDA}", 
year={2009}, 
month={April}, 
pages={7-15}, 
}

@article{hadi,
    author = {Kang, U. and Tsourakakis, Charalampos E. and Appel, Ana Paula
        and
            Faloutsos, Christos and Leskovec, Jure},
    title = "{HADI: Mining Radii of Large Graphs}",
    journal = {ACM Trans. Knowl. Discov. Data},
    issue_date = {February 2011},
    volume = {5},
    number = {2},
    month = feb,
    year = {2011},
    articleno = {8},
    numpages = {24},
    publisher = {ACM},
    address = {New York, NY,
        USA},
    keywords = {HADI, Radius
        plot, graph mining,
        hadoop, small
            web},
} 

@inproceedings{pregel,
    author = {Malewicz, Grzegorz and Austern, Matthew H. and Bik, Aart J.C
        and
            Dehnert, James C. and Horn, Ilan and Leiser, Naty and
            Czajkowski,
        Grzegorz},
    title = {Pregel: A System for Large-scale Graph Processing},
    booktitle = {Proceedings of the 2010 ACM SIGMOD International
        Conference
            on Management of Data},
    series = {SIGMOD '10},
    year = {2010},
    isbn = {978-1-4503-0032-2},
    location = {Indianapolis, Indiana, USA},
    pages = {135--146},
    numpages = {12},
    url =
    {http://doi.acm.org/10.1145/1807167.1807184},
    doi = {10.1145/1807167.1807184},
    acmid = {1807184},
    publisher = {ACM},
    address = {New York,
        NY, USA},
    keywords =
    {distributed
        computing,
        graph
            algorigthms},
} 

@inproceedings{pegasus,
    author = {Kang, U. and Tsourakakis, Charalampos E. and Faloutsos,
        Christos},
    title = "{PEGASUS: A Peta-Scale Graph Mining System Implementation
        and
        Observations}",
    booktitle = {Proceedings of the 2009 Ninth IEEE International Conference
        on Data Mining},
    series = {ICDM '09},
    year = {2009},
    isbn = {978-0-7695-3895-2},
    pages = {229--238},
    numpages = {10},
    publisher = {IEEE Computer Society},
    address = {Washington, DC, USA},
}

@article{boccaletti05,
    title = "Complex networks: Structure and dynamics ",
    journal = "Physics Reports ",
    volume = "424",
    number = "4â€“5",
    pages = "175 - 308",
    year = "2006",
    note = "",
    issn = "0370-1573",
    doi = "http://dx.doi.org/10.1016/j.physrep.2005.10.009",
    url = "http://www.sciencedirect.com/science/article/pii/S037015730500462X",
    author = "S. Boccaletti and V. Latora and Y. Moreno and M. Chavez and D.-U.
        Hwang"
}


@article{gericius03,
    title = "Functional connectivity in the resting brain: a network analysis of
        the default mode hypothesis",
    journal = "Proceedings of the National Academy of
        Sciences",
    volume = "100",
    pages = "253-258",
    year = "2002",
    note = "",
    issn = "1091-6490",
    doi = "10.1073/pnas.0135058100",
    author = "M. D. Greicius and B. Krasnow and A. Reiss and A. L. Menon"
}

@article{bullmore09,
    author = {Bullmore, E. and Sporns, O.},
    journal = {Nature Reviews Neuroscience},
    keywords = {imported},
    number = 3,
    pages = {186--198},
    publisher = {Nature Publishing Group},
    title = {{Complex brain networks: graph theoretical
        analysis of structural and functional systems}},
    volume = 10,
    year = 2009
}

@article {richiardi14,
    author = {De Vico Fallani, Fabrizio and Richiardi, Jonas and Chavez,
        Mario and Achard, Sophie},
    title = "{Graph analysis of functional brain networks: practical
        issues in translational neuroscience}",
    volume = {369},
    number = {1653},
    year = {2014},
    doi = {10.1098/rstb.2013.0521},
    publisher = {The Royal Society},
    issn = {0962-8436},
    journal = {Philosophical Transactions of the Royal Society of London B:
            Biological Sciences}
}

@inproceedings{sariyuce13,
    author    = {Ahmet Erdem Sariy{\"{u}}ce and
        Kamer Kaya and
            Erik Saule and
            {\"{U}}mit V.
        {\c{C}}ataly{\"{u}}rek},
            title     = "{Betweenness centrality on GPUs and
                heterogeneous architectures}",
            booktitle = {Proceedings of the 6th Workshop on
                General Purpose Processor Using
                    Graphics Processing
                    Units, GPGPU-6, Houston,
                Texas, USA, March 16,
                2013},
            pages     = {76--85},
            year      = {2013},
}

@inproceedings{saule2012,
      title="{An early evaluation of the scalability of graph algorithms on the
          Intel MIC architecture}",
        author={Saule, Erik and {\c{C}}ataly{\"u}rek, {\"U}mit V},
          booktitle={2012 IEEE 26th International Parallel and Distributed Processing Symposium Workshops \&
              PhD Forum (IPDPSW)},
            pages={1629--1639},
              year={2012},
                organization={IEEE}
}

@inproceedings{managed,
      author    = {Dip Sankar Banerjee and
                         Khaled Hamidouche and
                                            Dhabaleswar K. Panda},
        title     = {Designing high performance communication runtime for {GPU}
            managed
                               memory: early experiences},
          booktitle = {Proceedings of the 9th Annual Workshop on General Purpose
              Processing
                                 using Graphics Processing Unit, GPGPU@PPoPP
                                 2016, Barcelona, Spain,
                             March 12 - 16, 2016},
            pages     = {82--91},
              year      = {2016},
}

@inproceedings{ching,
      author    = {Ching{-}Hsiang Chu and
                         Khaled Hamidouche and
                                            Akshay Venkatesh and
                                                           Dip Sankar Banerjee
                                                           and
                                                                          Hari
                                                                          Subramoni
                                                                          and
                                                                                         Dhabaleswar
                                                                                         K.
                                                                                         Panda},
        title     = {Exploiting Maximal Overlap for Non-Contiguous Data Movement
            Processing
                               on Modern GPU-Enabled Systems},
          booktitle = {2016 {IEEE} International Parallel and Distributed
              Processing Symposium,
                             {IPDPS} 2016, Chicago, IL, USA, May 23-27, 2016},
            pages     = {983--992},
              year      = {2016},
}


@inproceedings{mcoll13,
    author    = {Robert McColl and
        Oded Green and
            David A. Bader},
    title     = "{A new parallel algorithm for connected components in
        dynamic graphs}",
    booktitle = {20th Annual International Conference on High Performance
        Computing,
        HiPC 2013, Bengaluru (Bangalore), Karnataka, India,
        December 18-21,
        2013},
    pages     = {246--255},
    year      = {2013},
}

@article{umit15,
      author    = {Ahmet Erdem Sariy{\"{u}}ce and
                         Erik Saule and
                                            Kamer Kaya and
                                                           {\"{U}}mit V.
                         {\c{C}}ataly{\"{u}}rek},
                               title     = {Incremental closeness centrality in
                                   distributed memory},
                                 journal   = {Parallel Computing},
                                   volume    = {47},
                                     pages     = {3--18},
                                       year      = {2015},
}

@inproceedings{umit13,
      author    = {Ahmet Erdem Sariy{\"{u}}ce and
                         Erik Saule and
                                            Kamer Kaya and
                                                           {\"{U}}mit V.
                         {\c{C}}ataly{\"{u}}rek},
                               title     = {{STREAMER:} {A} distributed
                                   framework for incremental closeness
                                       centrality
                                                      computation},
                                 booktitle = {2013 {IEEE} International
                                     Conference on Cluster Computing, {CLUSTER}
                                                    2013, Indianapolis, IN, USA,
                                                        September 23-27, 2013},
                                   pages     = {1--8},
                                     year      = {2013},
}


@INPROCEEDINGS{cloudcom, 
    author={D.S. Banerjee and K. Hamidouche and Dhabaleswar Panda}, 
    booktitle={to appear in 8th IEEE International Conference on Cloud Computing Technology
        and Science (CloudCom)}, 
    title="{Re-designing CNTK Deep Learning Framework on Modern GPU Enabled
        Clusters}", 
    year={2016}, 
    month={December},
}


@INPROCEEDINGS{zy15, 
    author={J. Zeng and H. Yu}, 
    booktitle={2015 IEEE International Conference on Cluster Computing}, 
    title={Parallel Modularity-Based Community Detection on Large-Scale Graphs}, 
    year={2015}, 
    pages={1-10}, 
   doi={10.1109/CLUSTER.2015.11}, 
    ISSN={1552-5244}, 
    month={Sept},
}

@inproceedings{cong14,
      author    = {Guojing Cong and
                         Paul Muzio},
        title     = {Fast Parallel Connected Components Algorithms on GPUs},
          booktitle = {Euro-Par 2014: Parallel Processing Workshops - Euro-Par
              2014 International
                                 Workshops, Porto, Portugal, August 25-26, 2014,
              Revised Selected Papers,
                             Part {I}},
            pages     = {153--164},
              year      = {2014},
                  url       = {http://dx.doi.org/10.1007/978-3-319-14325-5_14},
                    doi       = {10.1007/978-3-319-14325-5_14},
}

@inproceedings{hipc11,
      author    = {Dip Sankar Banerjee and
                         Kishore Kothapalli},
        title     = {Hybrid algorithms for list ranking and graph connected
            components},
          booktitle = {18th International Conference on High Performance
              Computing, HiPC
                                 2011, Bengaluru, India, December 18-21, 2011},
            pages     = {1--10},
              year      = {2011},
                  url       = {http://dx.doi.org/10.1109/HiPC.2011.6152655},
}

@inproceedings{zb15,
    author    = {Anita Zakrzewska and
        David A. Bader},
    title     = "{Fast Incremental Community Detection on Dynamic Graphs}",
    booktitle = {Parallel Processing and Applied Mathematics - 11th
        International Conference,
        {PPAM} 2015, Krakow, Poland, September 6-9, 2015.
        Revised Selected
            Papers, Part {I}},
    pages     = {207--217},
    year      = {2015},
}

@inproceedings{munguia12,
    author    = {Llu{\'{\i}}s{-}Miquel Mungu{\'{\i}}a and
        David A. Bader and
            Eduard Ayguad{\'{e}}},
    title     = {Task-based parallel breadth-first search in heterogeneous
        environments},
    booktitle = {19th International Conference on High Performance
        Computing, HiPC
            2012, Pune, India, December 18-22, 2012},
    pages     = {1--10},
    year      = {2012},
}

@inproceedings{catalyurek13,
    author    = {{\"{U}}mit V. {\c{C}}ataly{\"{u}}rek and
        Kamer Kaya and
            Ahmet Erdem Sariy{\"{u}}ce and
            Erik Saule},
    title     = "{Shattering and Compressing Networks for Betweenness
        Centrality}",
    booktitle = {Proceedings of the 13th {SIAM} International Conference
        on Data Mining,
        May 2-4, 2013. Austin, Texas, {USA.}},
    pages     = {686--694},
    year      = {2013},
}

@article{ijhpca,
      author    = {Dip Sankar Banerjee and
                         Parikshit Sakurikar and
                                            Kishore Kothapalli},
        title     = {Comparison sorting on hybrid multicore architectures for
            fixed and
                               variable length keys},
          journal   = {{IJHPCA}},
            volume    = {28},
              number    = {3},
                pages     = {267--284},
                  year      = {2014},
                    url       = {http://dx.doi.org/10.1177/1094342014526906},
                      doi       = {10.1177/1094342014526906},
}

@inproceedings{lspp,
      author    = {Dip Sankar Banerjee and
                         Aman Kumar Bahl and
                                            Kishore Kothapalli},
        title     = {An On-Demand Fast Parallel Pseudo Random Number Generator
            with Applications},
          booktitle = {26th {IEEE} International Parallel and Distributed
              Processing Symposium
                                 Workshops {\&} PhD Forum, {IPDPS} 2012,
              Shanghai, China, May 21-25,
                             2012},
            pages     = {1703--1711},
              year      = {2012},
}


@article{bader_jpdc,
      author    = {David A. Bader and
                         Guojing Cong},
        title     = "{Fast shared-memory algorithms for computing the minimum
            spanning forest of sparse graphs}",
          journal   = {J. Parallel Distrib. Comput.},
            volume    = {66},
              number    = {11},
                pages     = {1366--1378},
                  year      = {2006},
                    url       = {http://dx.doi.org/10.1016/j.jpdc.2006.06.001},
}

@inproceedings{vineet09,
      author    = {Vibhav Vineet and
                         Pawan Harish and
                                            Suryakant Patidar and
                                                           P. J. Narayanan},
        title     = "{Fast minimum spanning tree for large graphs on the {GPU}}",
          booktitle = {Proceedings of the {ACM} {SIGGRAPH/EUROGRAPHICS}
              Conference on High
                                 Performance Graphics 2009, New Orleans,
                                             Louisiana, USA, August 1-3,
                                                            2009},
            pages     = {167--171},
              year      = {2009},
}

@inproceedings{harish07,
      author    = {Pawan Harish and
                         P. J. Narayanan},
        title     = "{Accelerating Large Graph Algorithms on the {GPU} Using
            {CUDA}}",
          booktitle = {High Performance Computing - HiPC 2007, 14th
              International Conference,
                             Goa, India, December 18-21, 2007, Proceedings},
            pages     = {197--208},
              year      = {2007},
}

@inproceedings{luo10,
      author    = {Lijuan Luo and
                         Martin D. F. Wong and
                                            Wen{-}mei W. Hwu},
        title     = "{An effective {GPU} implementation of breadth-first
            search}",
          booktitle = {Proceedings of the 47th Design Automation Conference,
              {DAC} 2010,
                             Anaheim, California, USA, July 13-18, 2010},
            pages     = {52--55},
              year      = {2010},
                  url       = {http://doi.acm.org/10.1145/1837274.1837289},
}

@article{wang12,
        title="{Design and Implementation of GPU-Based Prim's Algorithm}",
            author={Wang, W. and Huang, Y. and Guo, S.},
                journal={International Journal of Modern Education and Computer
                            Science (IJMECS)},
                    volume={3},
                        number={4},
                            pages={55},
                                year={2011},
}

@inproceedings{govind1,
      author    = {R. Manikantan and
                         Kaushik Rajan and
                                            R. Govindarajan},
        title     = {NUcache: An efficient multicore cache organization based on
            Next-Use
                               distance},
          booktitle = {17th International Conference on High-Performance
              Computer Architecture
                                 {(HPCA-17} 2011), February 12-16 2011, San
              Antonio, Texas, {USA}},
            pages     = {243--253},
              year      = {2011},
}

@inproceedings{govind2,
      author    = {Sreepathi Pai and
                         R. Govindarajan and
                                            Matthew J. Thazhuthaveetil},
        title     = "{Fast and efficient automatic memory management for GPUs
            using compiler-assisted
                               runtime coherence scheme}",
          booktitle = {International Conference on Parallel Architectures and
              Compilation
                                 Techniques, {PACT} '12, Minneapolis, MN, {USA}
              - September 19 - 23,
                                 2012},
            pages     = {33--42},
              year      = {2012},
}

@inproceedings{govind3,
      author    = {Nagendra Dwarakanath Gulur and
                         Mahesh Mehendale and
                                            R. Manikantan and
                                                           R. Govindarajan},
        title     = {Bi-Modal {DRAM} Cache: Improving Hit Rate, Hit Latency and
            Bandwidth},
          booktitle = {47th Annual {IEEE/ACM} International Symposium on
              Microarchitecture,
                             {MICRO} 2014, Cambridge, United Kingdom, December
              13-17, 2014},
            pages     = {38--50},
              year      = {2014},
}

@inproceedings{subodh1,
      author    = {Tarun Beri and
                         Sorav Bansal and
                                            Subodh Kumar},
        title     = "{A Scheduling and Runtime Framework for a Cluster of
            Heterogeneous
                               Machines with Multiple Accelerators}",
          booktitle = {2015 {IEEE} International Parallel and Distributed
              Processing Symposium,
                             {IPDPS} 2015, Hyderabad, India, May 25-29, 2015},
            pages     = {146--155},
              year      = {2015},
}

@inproceedings{kishore1,
      author    = {Siva Rama Krishna Bharadwaj Indarapu and
                         Manoj Kumar Maramreddy and
                                            Kishore Kothapalli},
        title     = {Architecture- and workload- aware heterogeneous algorithms
            for sparse
                               matrix vector multiplication},
          booktitle = {Proceedings of the 7th {ACM} India Computing Conference,
              {COMPUTE}
                             2014, Nagpur, India, October 9-11, 2014},
            pages     = {3:1--3:9},
              year      = {2014},
}

@inproceedings{govind4,
      author    = {Jayvant Anantpur and
                         R. Govindarajan},
        title     = {{PRO:} Progress Aware {GPU} Warp Scheduling Algorithm},
          booktitle = {2015 {IEEE} International Parallel and Distributed
              Processing Symposium,
                             {IPDPS} 2015, Hyderabad, India, May 25-29, 2015},
            pages     = {979--988},
              year      = {2015},
}

@inproceedings{govind5,
      author    = {Raghu Prabhakar and
                         R. Govindarajan and
                                            Matthew J. Thazhuthaveetil},
        title     = {CUDA-For-Clusters: {A} System for Efficient Execution of
            {CUDA} Kernels
                           on Multi-core Clusters},
          booktitle = {Euro-Par 2012 Parallel Processing - 18th International
              Conference,
                             Euro-Par 2012, Rhodes Island, Greece, August 27-31,
                             2012. Proceedings},
            pages     = {415--426},
              year      = {2012},
}

@inproceedings{govind6,
      author    = {Jayvant Anantpur and
                         R. Govindarajan},
        title     = {Taming Control Divergence in GPUs through Control Flow
            Linearization},
          booktitle = {Compiler Construction - 23rd International Conference,
              {CC} 2014,
                             Held as Part of the European Joint Conferences on
                                 Theory and Practice
                                                of Software, {ETAPS} 2014,
                             Grenoble, France, April 5-13, 2014. Proceedings},
            pages     = {133--153},
              year      = {2014},
}

@article{jpdc15,
      author    = {Dip Sankar Banerjee and
                         Ashutosh Kumar and
                                            Meher Chaitanya and
                                                           Shashank Sharma and
                                                                          Kishore
                                                                          Kothapalli},
        title     = {Work efficient parallel algorithms for large graph
            exploration on
                               emerging heterogeneous architectures},
          journal   = {J. Parallel Distrib. Comput.},
            volume    = {76},
              pages     = {81--93},
                year      = {2015},
                  url       = {http://dx.doi.org/10.1016/j.jpdc.2014.11.006},
                    doi       = {10.1016/j.jpdc.2014.11.006},
}

@inproceedings{pai,
      author    = {Sreepathi Pai and
                         R. Govindarajan and
                                            Matthew J. Thazhuthaveetil},
        title     = {Preemptive thread block scheduling with online structural
            runtime
                               prediction for concurrent {GPGPU} kernels},
          booktitle = {International Conference on Parallel Architectures and
              Compilation,
                             {PACT} '14, Edmonton, AB, Canada, August 24-27,
                             2014},
            pages     = {483--484},
              year      = {2014},
}

@inproceedings{mainak1,
      author    = {Siddharth Rai and
                         Mainak Chaudhuri},
        title     = {Exploiting Dynamic Reuse Probability to Manage Shared
            Last-level Caches
                               in {CPU-GPU} Heterogeneous Processors},
          booktitle = {Proceedings of the 2016 International Conference on
              Supercomputing,
                             {ICS} 2016, Istanbul, Turkey, June 1-3, 2016},
            pages     = {3:1--3:14},
              year      = {2016},
}


@INPROCEEDINGS{wang_micbfs, 
    author={C. Wang and Y. Lu and B. Zhang and T. Gao and P. Cheng}, 
    booktitle={2015 IEEE International
                Conference on Computer and Communications (ICCC)}, 
    title="{An optimized BFS algorithm: A path to load balancing in MIC}", 
    year={2015}, 
    pages={199-206}, 
   doi={10.1109/CompComm.2015.7387567}, 
    month={Oct},
}

@inproceedings{katz08,
     author = {Katz, Gary J. and Kider,Jr, Joseph T.},
      title = {All-pairs Shortest-paths for Large Graphs on the GPU},
       booktitle = {Proceedings of the 23rd ACM SIGGRAPH/EUROGRAPHICS Symposium
           on Graphics Hardware},
        series = {GH '08},
         year = {2008},
          isbn = {978-3-905674-09-5},
           location = {Sarajevo, Bosnia and Herzegovina},
            pages = {47--55},
             numpages = {9},
              url = {http://dl.acm.org/citation.cfm?id=1413957.1413966},
               acmid = {1413966},
                publisher = {Eurographics Association},
                 address = {Aire-la-Ville, Switzerland, Switzerland},
} 


@inproceedings{anas14,
      author    = {Anas Abu{-}Doleh and
                         Kamer Kaya and
                                            Mohamed Abouelhoda and
                                                           {\"{U}}mit V.
                         {\c{C}}ataly{\"{u}}rek},
                               title     = {Extracting Maximal Exact Matches on
                                   {GPU}},
                                 booktitle = {2014 {IEEE} International Parallel
                                     {\&} Distributed Processing
                                                    Symposium Workshops,
                                                              Phoenix, AZ, USA,
                                                              May 19-23, 2014},
                                   pages     = {1417--1426},
                                     year      = {2014},
                                         url       =
                                         {http://dx.doi.org/10.1109/IPDPSW.2014.159},
}

@article{sw,
    title = "Identification of common molecular subsequences",
    journal = "Journal of Molecular Biology",
    volume = "147",
    number = "1",
    pages = "195 - 197",
    year = "1981",
    note = "",
    issn = "0022-2836",
    doi = "http://dx.doi.org/10.1016/0022-2836(81)90087-5",
    url = "http://www.sciencedirect.com/science/article/pii/0022283681900875",
    author = "T.F. Smith and M.S. Waterman",

}

@Article{chang1994,
    author="Chang, W. I.
        and Lawler, E. L.",
    title="Sublinear approximate string matching and biological applications",
    journal="Algorithmica",
    year="1994",
    volume="12",
    number="4",
    pages="327--344",
   issn="1432-0541",
    doi="10.1007/BF01185431",
    url="http://dx.doi.org/10.1007/BF01185431"
}

@article{delcher99,
    author = {Delcher, Arthur L. and Kasif, Simon and Fleischmann, Robert D. and
        Peterson, Jeremy and White, Owen and Salzberg, Steven L.}, 
    title = {Alignment of whole genomes},
    volume = {27}, 
    number = {11}, 
    pages = {2369-2376}, 
    year = {1999}, 
    doi = {10.1093/nar/27.11.2369}, 
   journal = {Nucleic Acids Research} 
}



@inproceedings{mb14,
    author    = {Adam McLaughlin and
        David A. Bader},
    title     = "{Scalable and High Performance Betweenness Centrality on the
        {GPU}}",
    booktitle = {International Conference for High Performance Computing,
        Networking,
        Storage and Analysis, {SC} 2014, New Orleans, LA,
        USA, November 16-21,
        2014},
    pages     = {572--583},
    year      = {2014},
}

@article{f75,
    title = "Community detection in graphs ",
    journal = "Physics Reports ",
    volume = "486",
    number = "3â€“5",
    pages = "75 - 174",
    year = "2010",
    note = "",
    author = "Santo Fortunato",
}

@article{newman04,
      title = {Finding and evaluating community structure in networks},
        author = {Newman, M. E. J. and Girvan, M.},
          journal = {Phys. Rev. E},
            volume = {69},
              issue = {2},
                pages = {026113},
                  numpages = {15},
                    year = {2004},
                      month = {Feb},
                        publisher = {American Physical Society},
                          doi = {10.1103/PhysRevE.69.026113},
                            url =
                            {http://link.aps.org/doi/10.1103/PhysRevE.69.026113}
}

@inproceedings{eaton12,
      author    = {Eric Eaton and
                         Rachael Mansbach},
        title     = {A Spin-Glass Model for Semi-Supervised Community
            Detection},
          booktitle = {Proceedings of the Twenty-Sixth {AAAI} Conference on
              Artificial Intelligence,
                             July 22-26, 2012, Toronto, Ontario, Canada.},
            year      = {2012},
}

    
@article{verdyan10,
      author={A. E. Allahverdyan and G. Ver Steeg and A. Galstyan},
        title={Community detection with and without prior information},
          journal={EPL (Europhysics Letters)},
            volume={90},
              number={1},
                pages={18002},
                  url={http://stacks.iop.org/0295-5075/90/i=1/a=18002},
                    year={2010},
}

@article{clauset04,
    title = {Finding community structure in very large networks},
    author = {Clauset, Aaron and Newman, M. E. J. and Moore, Cristopher},
    journal = {Phys. Rev. E},
    volume = {70},
    issue = {6},
    pages = {066111},
    numpages = {6},
    year = {2004},
    month = {Dec},
    publisher = {American Physical Society},
    doi = {10.1103/PhysRevE.70.066111},
    url =
    {http://link.aps.org/doi/10.1103/PhysRevE.70.066111}
}

@article{mukher1,
      author    = {Tanmoy Chakraborty and
                         Suhansanu Kumar and
                                            Pawan Goyal and
                                                           Niloy Ganguly and
                                                                          Animesh
                                                                          Mukherjee},
        title     = {On the categorization of scientific citation profiles in
            computer
                               science},
          journal   = {Commun. {ACM}},
            volume    = {58},
              number    = {9},
                pages     = {82--90},
                  year      = {2015},
}

@article{mukher2,
      author    = {Tanmoy Chakraborty and
                         Sandipan Sikdar and
                                            Niloy Ganguly and
                                                           Animesh Mukherjee},
        title     = {Citation interactions among computer science fields: a
            quantitative
                               route to the rise and fall of scientific
                               research},
          journal   = {Social Netw. Analys. Mining},
            volume    = {4},
              number    = {1},
                pages     = {187},
                  year      = {2014},
}

@inproceedings{gang1,
      author    = {Parantapa Bhattacharya and
                         Muhammad Bilal Zafar and
                                            Niloy Ganguly and
                                                           Saptarshi Ghosh and
                                                                          Krishna
                                                                          P.
                                                                          Gummadi},
        title     = {Inferring user interests in the Twitter social network},
          booktitle = {Eighth {ACM} Conference on Recommender Systems, RecSys
              '14, Foster
                                 City, Silicon Valley, CA, {USA} - October 06 -
                                 10, 2014},
            pages     = {357--360},
              year      = {2014},
}

@article{chak1,
      author    = {Tanmoy Chakraborty and
                         Ayushi Dalmia and
                                            Animesh Mukherjee and
                                                           Niloy Ganguly},
        title     = {Metrics for Community Analysis: {A} Survey},
          journal   = {CoRR},
            volume    = {abs/1604.03512},
              year      = {2016},
}


@article{chak2,
    title = "Constant communities in complex networks",
    author = "Tanmoy Chakraborty and Sriram Srinivasan and Niloy Ganguly and
        Sanjukta Bhowmick and Animesh Mukherjee",
    year = "2013",
    doi = "10.1038/srep01825",
    volume = "3",
    journal = "Scientific Reports",
    issn = "2045-2322",
    publisher = "Nature Publishing Group",
}

@article{srs1,
      author    = {Keshav Goel and
                         Rishi Ranjan Singh and
                                            Sudarshan Iyengar and
                                                           Sukrit Gupta},
        title     = {A Faster Algorithm to Update Betweenness Centrality After
            Node Alteration},
          journal   = {Internet Mathematics},
            volume    = {11},
              number    = {4-5},
                pages     = {403--420},
                  year      = {2015},
}

@article{srs2,
      author    = {Sudarshan Iyengar and
                         C. E. Veni Madhavan and
                                            Katharina Anna Zweig and
                                                           Abhiram Natarajan},
        title     = {Understanding Human Navigation Using Network Analysis},
          journal   = {topiCS},
            volume    = {4},
              number    = {1},
                pages     = {121--134},
                  year      = {2012},
}

@inproceedings{srs3,
      author    = {Sudarshan Iyengar and
                         Nina Zweig and
                                            Abhiram Natarajan and
                                                           Veni Madhavan},
        title     = {A Network Analysis Approach to Understand Human-wayfinding
            Problem},
          booktitle = {Proceedings of the 33th Annual Meeting of the Cognitive
              Science Society,
                             CogSci 2011, Boston, Massachusetts, USA, July
                                 20-23, 2011},
            year      = {2011},
}

@article{guimer01,
    title = {Modularity from fluctuations in random graphs and complex
        networks},
    author = {Guimer\`a, Roger and Sales-Pardo, Marta and Amaral, Lu\'{\i}s
        A. Nunes},
    journal = {Phys. Rev. E},
    volume = {70},
    issue = {2},
    pages = {025101},
    numpages = {4},
    year = {2004},
    month = {Aug},
}

@article{duch04,
      title = {Community detection in complex networks using extremal
          optimization},
        author = {Duch, Jordi and Arenas, Alex},
          journal = {Phys. Rev. E},
            volume = {72},
              issue = {2},
                pages = {027104},
                  numpages = {4},
                    year = {2005},
                      month = {Aug},
                        publisher = {American Physical Society},
}

@article{newman06,
      title = {Finding community structure in networks using the eigenvectors of
          matrices},
        author = {Newman, M. E. J.},
          journal = {Phys. Rev. E},
            volume = {74},
              issue = {3},
                pages = {036104},
                  numpages = {19},
                    year = {2006},
                      month = {Sep},
                        publisher = {American Physical Society},
                          doi = {10.1103/PhysRevE.74.036104},
                            url =
                            {http://link.aps.org/doi/10.1103/PhysRevE.74.036104}
}

@Article{lehmann2007,
    author="Lehmann, S.
        and Hansen, K. L.",
    title="Deterministic modularity optimization",
    journal="The European Physical Journal B",
    year="2007",
    volume="60",
    number="1",
    pages="83--88",
   issn="1434-6036",
    doi="10.1140/epjb/e2007-00313-2",
    url="http://dx.doi.org/10.1140/epjb/e2007-00313-2"
}


    
@article{blondel08,
      author={Vincent D Blondel and Jean-Loup Guillaume and Renaud Lambiotte and
          Etienne Lefebvre},
        title={Fast unfolding of communities in large networks},
          journal={Journal of Statistical Mechanics: Theory and Experiment},
            volume={2008},
              number={10},
                pages={P10008},
                  url={http://stacks.iop.org/1742-5468/2008/i=10/a=P10008},
                    year={2008},
}
    
@inproceedings{dslm,
     author = {Aktunc, Riza and Toroslu, Ismail Hakki and Ozer, Mert and
         Davulcu, Hasan},
      title = "{A Dynamic Modularity Based Community Detection Algorithm for
          Large-scale Networks: DSLM}",
       booktitle = {Proceedings of the 2015 IEEE/ACM International Conference on
           Advances in Social Networks Analysis and Mining 2015},
        series = {ASONAM '15},
         year = {2015},
          isbn = {978-1-4503-3854-7},
           location = {Paris, France},
            pages = {1177--1183},
             numpages = {7},
              url = {http://doi.acm.org/10.1145/2808797.2808822},
               doi = {10.1145/2808797.2808822},
                acmid = {2808822},
                 publisher = {ACM},
                  address = {New York, NY, USA},
} 

@inproceedings{riedy12,
      author    = {E. Jason Riedy and
                         Henning Meyerhenke and
                                            David Ediger and
                                                           David A. Bader},
        title     = {Parallel community detection for massive graphs},
          booktitle = {Graph Partitioning and Graph Clustering, 10th {DIMACS}
              Implementation
                                 Challenge Workshop, Georgia Institute of
                                 Technology, Atlanta, GA,
                                 USA, February 13-14, 2012. Proceedings},
            pages     = {207--222},
              year      = {2012},
                  url       = {http://www.ams.org/books/conm/588/11703},
}

@article{hc,
     author = {Hirschberg, D. S. and Chandra, A. K. and Sarwate, D. V.},
      title = {Computing Connected Components on Parallel Computers},
       journal = {Commun. ACM},
        issue_date = {Aug. 1979},
         volume = {22},
          number = {8},
           month = aug,
            year = {1979},
             issn = {0001-0782},
              pages = {461--464},
               numpages = {4},
                url = {http://doi.acm.org/10.1145/359138.359141},
                 doi = {10.1145/359138.359141},
                  acmid = {359141},
                   publisher = {ACM},
                    address = {New York, NY, USA},
                     keywords = {algorithms, connected component, graph theory,
                         parallel processing, transitive closure},
}

@article{sv,
    title = "An O(logn) parallel connectivity algorithm",
    journal = "Journal of Algorithms",
    volume = "3",
    number = "1",
    pages = "57 - 67",
    year = "1982",
    note = "",
    issn = "0196-6774",
    doi = "http://dx.doi.org/10.1016/0196-6774(82)90008-6",
    url = "http://www.sciencedirect.com/science/article/pii/0196677482900086",
    author = "Yossi Shiloach and Uzi Vishkin",

}
@inproceedings{Dhillon99,
 author = {Dhillon, Inderjit S. and Modha, Dharmendra S.},
 title = "{A Data-Clustering Algorithm on Distributed Memory Multiprocessors}",
 booktitle = {Revised Papers from Large-Scale Parallel Data Mining, Workshop on Large-Scale Parallel KDD Systems, SIGKDD},
 year = {2000},
 pages = {245--260},
 publisher = {Springer-Verlag},
 address = {London, UK, UK},
}

@inproceedings{Raina09,
 author = {Raina,Rajat and Madhavan, Anand and Ng, Andrew Y.},
 title = "{Large-scale Deep Unsupervised Learning Using Graphics Processors}",
 booktitle = {Proceedings of the 26th Annual International Conference on Machine Learning},
 series = {ICML '09},
 year = {2009},
 location = {Montreal, Quebec, Canada},
 }

@inproceedings{Martens10,
  author    = {James Martens},
  title     = "{Deep Learning via Hessian-free Optimization}",
  booktitle = {Proceedings of the 27th International Conference on Machine Learning
               (ICML-10), June 21-24, 2010, Haifa, Israel},
  pages     = {735--742},
  year      = {2010},
}

@book{Urlbe99,
  title={Structure-adaptable Digital Neural Networks},
  author={P{\'e}rez-Uribe, A.},
  url={https://books.google.com/books?id=lkMkHAAACAAJ},
  year={1999}
}

@book{jaja,
  title={An Introduction to Parallel Algorithms},
  author={Joseph Jaja},
  year={1992},
  publisher={Addison-Wesley}
}


@article{Widrow94,
 author = {Widrow, Bernard and Rumelhart, David E. and Lehr, Michael A.},
 title = "{Neural Networks: Applications in Industry, Business and Science}",
 journal = {Commun. ACM},
 volume = {37},
 number = {3},
 month = mar,
 year = {1994},
 pages = {93--105},
 publisher = {ACM},
 address = {New York, NY, USA},
} 

@article{Anguita96,
 author = {Anguita, Davide and Gomes, Benedict A.},
 title = "{Mixing Floating- and Fixed-point Formats for Neural Network Learning on Neuroprocessors}",
 journal = {Microprocess. Microprogram.},
 volume = {41},
 number = {10},
 month = may,
 year = {1996},
 pages = {757--769},
 publisher = {Elsevier Science Publishers B. V.},
 address = {Amsterdam, The Netherlands, The Netherlands},
} 

@article{Muller95,
  author    = {Urs A. M{\"{u}}ller and
               Anton Gunzinger and
               Walter Guggenb{\"{u}}hl},
  title     = "{Fast Neural Net Simulation with a {DSP} Processor Array}",
  journal   = {{IEEE} Transactions on Neural Networks},
  volume    = {6},
  number    = {1},
  pages     = {203--213},
  year      = {1995},
}

@article{Krizhevsky12,
  author    = {Krizhevsky A},
  title     = "{Convolutional Deep Belief Networks on CIFAR-10}",
  journal   = {Unpublished manuscript},
  year      = {2010},
}

@article{Ciresan12,
  title="{Multi-column Deep Neural Networks for Image Classification}",
  author={Cire{\c{s}}an, Dan and Meier, Ueli and Schmidhuber, Juergen},
  journal={Computer Vision and Pattern Recognition (CVPR 2012) and Arxiv preprint arXiv:1202.2745},
  pages={3642--3649},
  year={2012}
}

@inproceedings{Graf04,
  author    = {Hans Peter Graf and
               Eric Cosatto and
               L{\'{e}}on Bottou and
               Igor Durdanovic and
               Vladimir Vapnik},
  title     = "{Parallel Support Vector Machines: The Cascade {SVM}}",
  booktitle = {Advances in Neural Information Processing Systems 17 [Neural Information
               Processing Systems, {NIPS} 2004, December 13-18, 2004, Vancouver,
               British Columbia, Canada]},
  pages     = {521--528},
  year      = {2004},
}

@inproceedings{Ciresan11,
 author = {Cire\c{s}an, Dan C. and Meier, Ueli and Masci, Jonathan and Gambardella, Luca M. and Schmidhuber, J\"{u}rgen},
 title = {{Flexible, High Performance Convolutional Neural Networks for Image Classification}},
 booktitle = {Proceedings of the Twenty-Second International Joint Conference on Artificial Intelligence - Volume Volume Two},
 series = {IJCAI'11},
 year = {2011},
 pages = {1237--1242},
 publisher = {AAAI Press},
} 

@inproceedings{Coates09,
 author = {Coates, Adam and Baumstarck, Paul and Le, Quoc and Ng, Andrew Y.},
 title = "{Scalable Learning for Object Detection with GPU Hardware}",
 booktitle = {Proceedings of the 2009 IEEE/RSJ International Conference on Intelligent Robots and Systems},
 series = {IROS'09},
 year = {2009},
 pages = {4287--4293},
 publisher = {IEEE Press},
 address = {Piscataway, NJ, USA},
} 

@inproceedings{Le12,
title = "{Building high-level features using large scale unsupervised learning}",
author  = {Quoc Le and Marc'Aurelio Ranzato and Rajat Monga and Matthieu Devin and Kai Chen and Greg Corrado and Jeff Dean and Andrew Ng},
year  = 2012,
booktitle = {International Conference in Machine Learning}
}



@incollection{Dean12, 
    Title = "{Large Scale Distributed Deep Networks}", 
    Booktitle = {Advances in Neural Information Processing Systems 25}, 
    Author = {Jeffrey Dean and Greg Corrado and Rajat Monga and Kai Chen and Matthieu Devin and Mark Mao and Marc'aurelio Ranzato and Andrew Senior and Paul Tucker and Ke Yang and Quoc V. Le and Andrew Y. Ng}, 
    Year = {2012}, 
    Pages = {1232--1240} 
   }

@incollection{Coates12,
title = "{Emergence of Object-Selective Features in Unsupervised Feature Learning}",
author = {Adam Coates and Karpathy, Andrej and Andrew Y. Ng},
booktitle = {Advances in Neural Information Processing Systems 25},
editor = {F. Pereira and C.J.C. Burges and L. Bottou and K.Q. Weinberger},
pages = {2681--2689},
year = {2012},
}
 
@inproceedings{Coates13,
  title="{Deep Learning with COTS HPC Systems}",
  author={Coates, Adam and Huval, Brody and Wang, Tao and Wu, David J. and Catanzaro, Bryan and Andrew, Ng},
  booktitle={Proceedings of the 30th International Conference on Machine Learning (ICML-13)},
  pages={1337--1345},
  year={2013}
}

@incollection{Hinton93,
title = "{Autoencoders, Minimum Description Length and Helmholtz Free Energy}",
author = {Geoffrey E. Hinton and Richard S. Zemel},
booktitle = {Advances in Neural Information Processing Systems 6},
editor = {J.D. Cowan and G. Tesauro and J. Alspector},
pages = {3--10},
year = {1994},W
publisher = {Morgan-Kaufmann},
}

@article{lecun98,
  title={Gradient-based learning applied to document recognition},
  author={LeCun, Yann and Bottou, L{\'e}on and Bengio, Yoshua and Haffner, Patrick},
  journal={Proceedings of the IEEE},
  volume={86},
  number={11},
  pages={2278--2324},
  year={1998},
  publisher={IEEE}
}

@inproceedings{macqueen67,
address = "Berkeley, Calif.",
author = "MacQueen, J.",
booktitle = "Proceedings of the Fifth Berkeley Symposium on Mathematical Statistics and Probability, Volume 1: Statistics",
pages = "281--297",
publisher = "University of California Press",
title = "{Some Methods for Classification and Analysis of Multivariate Observations}",
year = "1967"
}

@inproceedings{Boser92,
 author = {Boser, Bernhard E. and Guyon, Isabelle M. and Vapnik, Vladimir N.},
 title = "{A Training Algorithm for Optimal Margin Classifiers}",
 booktitle = {Proceedings of the Fifth Annual Workshop on Computational Learning Theory},
 series = {COLT '92},
 year = {1992},
 pages = {144--152},
 publisher = {ACM},
 address = {New York, NY, USA},
}

